<?xml version="1.0" encoding="UTF-8"?><record xmlns="http://www.loc.gov/MARC21/slim" xmlns:cinclude="http://apache.org/cocoon/include/1.0" xmlns:zs="http://www.loc.gov/zing/srw/">
  <leader>00442nz  a2200145n  4500</leader>
  <controlfield tag="001">n 2011067035</controlfield>
  <controlfield tag="003">DLC</controlfield>
  <controlfield tag="005">20110927074950.0</controlfield>
  <controlfield tag="008">110926n| acannaabn          |b aaa      </controlfield>
  <datafield tag="010" ind1=" " ind2=" ">
    <subfield code="a">n 2011067035</subfield>
  </datafield>
  <datafield tag="040" ind1=" " ind2=" ">
    <subfield code="a">DLC</subfield>
    <subfield code="b">eng</subfield>
    <subfield code="c">DLC</subfield>
  </datafield>
  <datafield tag="100" ind1="1" ind2=" ">
    <subfield code="a">Mou, Xianming</subfield>
  </datafield>
  <datafield tag="400" ind1="1" ind2=" ">
    <subfield code="a">牟显明</subfield>
  </datafield>
  <datafield tag="667" ind1=" " ind2=" ">
    <subfield code="a">Non-Latin script reference not evaluated</subfield>
  </datafield>
  <datafield tag="670" ind1=" " ind2=" ">
    <subfield code="a">Lian he zuo zhan zhi hui ren cai pei yang ruo gan wen ti yan jiu, 2008:</subfield>
    <subfield code="b">t.p. (牟显明 = Mou Xianming)</subfield>
  </datafield>
</record>